=LDR  04111cas a22009737  4500
=001  014503644
=003  Uk
=005  20211231172530.0
=007  ta
=008  771201c20089999enkwr\p\\\\\\\0\\\a0eng\\
=FMT  \\$a  SE
=022  0\$a0140-6736$z0023-7507
=040  \\$aUk$cUk$dUk
=082  04$a610$221
=084  \\$aGP 00$2blsrissc
=084  \\$aER 00$2blsrissc
=245  04$aThe lancet. (2008)-. [LSR]
=260  \\$aLondon :$bJ. Onwhyn
=260  3\$aOxford :$bElsevier
=300  \\$av. ;$c28 cm.
=310  \\$aWeekly
=336  \\$atext$2rdacontent
=337  \\$aunmediated$2rdamedia
=338  \\$avolume$2rdacarrier
=500  \\$aEdited [to 1861] by T. Wakley; 1868-1886, Jan.-June, by J. G. Wakley; 1887, etc. by T. H. Wakley and T. Wakley.
=500  \\$aFrom 1919-57, also numbered vol. 196-273.
=540  \\$aCurrent copyright fee: GBP34.30$c5\1$5Uk
=650  \0$aMedicine$vPeriodicals.
=700  1\$aWakley, Thomas,$d1795-1862.
=856  \\$31850-9999$uhttp://www.elsevier.com/journals$xBLDSS
=852  41$aBritish Library$bHMNTS$jPP.2787$32008- n. 9974 (Mar. 28 2015)***Title now taken as electronic copy
=852  49$aBritish Library$bDSC$j5146.000000$32008-2009***UKRR Retained Title
=852  71$aBritish Library$bSTI$k(P)$hGP 00$m-E(14)$2blsrissc$3(2008)-v. 373, no. 9662 (2009)
=945  \\$aLANCET -LONDON-.
=959  \\$fHeld but not currently received
=963  \\$a1823- *A=1$bY$cP300.B.116
=964  \\$aVOL. 213, 1927- *A=1$c61$dQ$eJL05
=985  \\$aDQ DO NOT MERGE - LARGE SERIAL RECORD
=985  \\$aISSN responsibility transferred to ISSN Netherlands Centre 19/11/09
=CAT  \\$a10932$b40$c20080128$lBLL01$h0950
=CAT  \\$aBATCH$b00$c20090101$lBLL01$h0232
=CAT  \\$a11316$b40$c20091119$lBLL01$h0917
=CAT  \\$aCDS-UPD$b40$c20091208$lBLL01$h2214
=CAT  \\$aCDS-UPD$b40$c20091208$lBLL01$h2234
=CAT  \\$aBATCH-UPD$b40$c20101221$lBLL01$h0849
=CAT  \\$aWR11_155$c20111021$lBLL01$h1322
=CAT  \\$aWR11_155$c20111114$lBLL01$h1644
=CAT  \\$aBATCH-UPD$b00$c20111123$lBLL01$h1853
=CAT  \\$aIPL-CLA$c20111230$lBLL01$h2030
=CAT  \\$aBATCH-UPD$b00$c20121030$lBLL01$h1027
=CAT  \\$aBATCH-CLA$b00$c20121109$lBLL01$h1723
=CAT  \\$aBATCH-UPD$b00$c20121121$lBLL01$h1659
=CAT  \\$aWR12_168$c20121206$lBLL01$h1818
=CAT  \\$aIPL-CLA$c20121231$lBLL01$h1324
=CAT  \\$aIPL-CLA$c20130102$lBLL01$h1755
=CAT  \\$aWR13.005$c20130323$lBLL01$h1317
=CAT  \\$aBLDSS-3PM$b00$c20141222$lBLL01$h1717
=CAT  \\$aBATCH-UPD$b00$c20160413$lBLL01$h1822
=CAT  \\$aBATCH-UPD$b00$c20161024$lBLL01$h1341
=CAT  \\$aBATCH-UPD$b00$c20171121$lBLL01$h1749
=CAT  \\$aIPL-CLA$c20171231$lBLL01$h1730
=CAT  \\$aBATCH-UPD$b00$c20190521$lBLL01$h1441
=CAT  \\$aIPL-CLA$c20190630$lBLL01$h1540
=CAT  \\$aBATCH-UPD$b00$c20211119$lBLL01$h1558
=CAT  \\$aIPL-CLA$c20211231$lBLL01$h1725
=CFI  0\$aCurrent copyright fee: GBP34.30$c5\1$e01-jan-2022$fGBP34.30$g0$hP$5Uk
=CFI  2\$aPrevious copyright fee: GBP32.84$c5\1$e01-jul-2019$fGBP32.84$g0$hP$5Uk
=EST  \\$a2
=EXP  \\$aX
=FFP  \\$aY$bBLDSS-3PM
=FIN  \\$aY
=LKR  \\$aPAR$b011118896$lBLL01$mThe lancet. (2008)-. [LSR]$nThe lancet. (1823)-(2007). [LSR]
=STA  \\$aSUPPRESSED$bLarge Serial Record
=TCO  \\$aCLA$bCLA$c008
=TOC  \\$aETOC
=ACF  \\$aPrevious copyright fee: GBP19.00$c5\3$e01-jan-2008$fGBP19.00$g0$hP$5Uk
=ACF  \\$aPrevious copyright fee: GBP18.00$c5\3$e01-apr-2004$fGBP18.00$g0$hP$5Uk
=ACF  \\$aCurrent copyright fee: GBP20.00$c5\3$e01-jan-2003$fGBP20.00$g0$hP$5Uk
=ACF  \\$aCurrent copyright fee: GBP15.00$c5\3$e01-jul-2002$fGBP15.00$g0$hP$5Uk
=ACF  \\$aPrevious copyright fee: GBP20.00$c5\1$e01-jan-2009$fGBP20.00$g0$hP$5Uk
=ACF  \\$aPrevious copyright fee: GBP21.00$c5\1$e01-jan-2012$fGBP21.00$g0$hP$5Uk
=ACF  \\$aPrevious copyright fee: GBP22.50$c5\1$e01-jan-2013$fGBP22.50$g0$hP$5Uk
=ACF  \\$aPrevious copyright fee: GBP23.40$c5\1$e01-jan-2018$fGBP23.40$g0$hP$5Uk
=LAS  \\$aIPL-CLA$b00$c20211231$lBLL01$h1725

